
@thesis{Evelin2017,
	author = {Evelin Heringer Manoel Krulikovski },
	title = {Análise Teórica de Máquinas de Vetores Suporte e Aplicação a Classificação de Caracteres},
	type = {Dissertação de Mestrado em Matemática},
	institution = {Universidade Federal do Paraná},
	date = {2017},
	OPTlocation = {Curitiba},
}

@article{Bezanson:2017g,
author = {Bezanson, Jeff and Edelman, Alan and Karpinski, Stefan and Shah, Viral B},
title = {{Julia: A Fresh Approach to Numerical Computing}},
journal = {SIAM Rev.},
year = {2017},
volume = {59},
number = {1},
pages = {65--98},
month = feb
}

@book{james2014introduction,
  title={An Introduction to Statistical Learning: with Applications in R},
  author={James, G. and Witten, D. and Hastie, T. and Tibshirani, R.},
  isbn={9781461471370},
  lccn={13936251},
  series={Springer Texts in Statistics},
  url={https://books.google.com.br/books?id=at1bmAEACAAJ},
  year={2014},
  publisher={Springer New York}
}

@book{Faisal2019,
	title = {Mathematics for Machine Learning},
	author = {Peter Deisenroth and A. Aldo Faisal and Cheng Soon Ong},
	year = {2019},
	publisher = {Cambridge University Press},
	address = {Boston}
} 

@book{Ademir2013,
	author = {Ademir A. Ribeiro and Elizabeth W. Karas},
	title = {Otimização Contínua: Aspectos teóricos e computacionais},
	year = {2013},
	publisher = {Cengage Learning},
	addres = {São Paulo}	
}

@book{Ana1994,
	author = {Ana Friedlander},
	title = {Elementos de Programação Não-Linear},
	year = {1994},
	publisher = {Unicamp},
	addres = {Campinas}	
}

@book{Izmailov2014ac,
author = {Izmailov, Alexey and Solodov, Mikhail},
title = {Otimiza{\c c}{\~a}o},
publisher = {IMPA},
year = {2014},
volume = {I},
subtitle = {Condi{\c c}{\~o}es de Otimalidade. Elementos de An{\'a}lise Convexa e de Dualidade},
address = {Rio de Janeiro},
edition = {3}
}

@book{Izmailov2014mc,
author = {Izmailov, Alexey and Solodov, Mikhail},
title = {Otimiza{\c c}{\~a}o},
publisher = {IMPA},
year = {2014},
volume = {II},
subtitle = {M{\'e}todos Computacionais},
address = {Rio de Janeiro},
edition = {3}
}

@article{Gould:2015kc,
author = {Gould, Nicholas I M and Orban, Dominique and Toint, Phillippe L},
title = {{CUTEst: a constrained and unconstrained testing environment with safe threads for mathematical optimization}},
journal = {Comput. Optim. Appl.},
year = {2015},
volume = {60},
number = {3},
pages = {545--557}
}

@book{Witten:2011kh,
editor = {Witten, Ian H and Frank, Eibe and Hall, Mark A},
title = {{Data Mining: Practical Machine Learning Tools and Techniques}},
publisher = {Morgan Kaufmann (Elsevier)},
year = {2011},
address = {Boston},
edition = {3}
}

@online{Gondzio2018,
author = {Jacek Gonzio},
title = {Duality in Optimization},
year = {2018},
url = {http://www.maths.ed.ac.uk/~gondzio}
}

@article{10.2307/43636320,
 ISSN = {0033569X, 15524485},
 URL = {http://www.jstor.org/stable/43636320},
 abstract = {A proof, based on the duality theorem of linear programming, is given for a duality theorem for a class of quadratic programs. An illustrative application is made in the theory of elastic structures.},
 author = {W. S. DORN},
 journal = {Quarterly of Applied Mathematics},
 number = {2},
 pages = {155--162},
 publisher = {Brown University},
 title = {DUALITY IN QUADRATIC PROGRAMMING},
 volume = {18},
 year = {1960}
}

@book{bertsekas2016nonlinear,
  title={Nonlinear Programming},
  author={Bertsekas, D.P.},
  isbn={9781886529052},
  series={Athena scientific optimization and computation series},
  url={https://books.google.com.br/books?id=TwOujgEACAAJ},
  year={2016},
  publisher={Athena Scientific}
}

@book{Bertsekas:1999ua,
author = {Bertsekas, Dimitri P},
title = {Nonlinear Programming},
publisher = {Athena Scientific},
series={Athena scientific optimization and computation series},
year = {1999},
address = {Belmont, USA},
edition = {2}
}

@book{luenberger2008linear,
  title={Linear and Nonlinear Programming},
  author={Luenberger, D.G. and Ye, Y.},
  isbn={9780387745039},
  lccn={83011830},
  series={International Series in Operations Research \& Management Science},
  url={https://books.google.com.br/books?id=EJTrgq79QWUC},
  year={2008},
  publisher={Springer US}
}

@Book{Elon2019,
author = {Elon Lages Lima},
title = {Curso de análise},
publisher = {IMPA},
year = {2019},
volume = {1},
address = {Rio de Janeiro},
edition = {15},
isbn={9788524404689},  
series={Coleção Projeto Euclides}
}

@Book{Elon2014,
author = {Elon Lages Lima},
title = {Álgebra Linear},
publisher = {IMPA},
year = {2014},
address = {Rio de Janeiro},
edition = {8},
isbn={9788524400896},  
series={Coleção Matemática Universitária}
}

@book{meyer2000matrix,
  title={Matrix Analysis and Applied Linear Algebra},
  author={Meyer, C.D.},
  isbn={9780898714548},
  lccn={00029725},
  series={Other Titles in Applied Mathematics},
  url={https://books.google.com.br/books?id=Zg4M0iFlbGcC},
  year={2000},
  publisher={Society for Industrial and Applied Mathematics}
}

@misc{Dua:2019,
author = {Dua, Dheeru and Graff, Casey},
year = {2017},
title = {{UCI} Machine Learning Repository},
url = {http://archive.ics.uci.edu/ml},
institution = {University of California, Irvine, School of Information and Computer Sciences} 
}

@article{Vladimir1995,
author = {Corina Cortes and Vladimir Vapnik},
title = {Support-Vector Networks},
journal = {Machine Learning. Springer},
year = {1995},
volume = {20},
number = {3},
pages = {273--297},
}

@InProceedings{Vladimir1992,
author = {Bernhard E. Boser and Isabelle M. Guyon and Vladimir N. Vapnik},
title = {A Training Algorithm for Optimal Margin Classifiers},
booktitle = {Proceedings of the fifth annual workshop on Computational learning theory},
pages = {144--152},
year = {1992},
publisher = {ACM},
}

@article{Lorena&Carvalho,
author = {Ana Carolina Lorena and André C. P. L. F. de Carvalho},
title = {Uma Introdução às Support Vector Machines},
journal = {Revista de Informática Teórica e Aplicada},
year = {2007},
volume = {14},
number = {2},
pages = {43--67},
}

@book{bishop2016pattern,
  title={Pattern Recognition and Machine Learning},
  author={Bishop, C.M.},
  isbn={9781493938438},
  lccn={2006922522},
  series={Information Science and Statistics},
  url={https://books.google.com.br/books?id=kOXDtAEACAAJ},
  year={2016},
  publisher={Springer New York}
}

@online{Inca,
author = {Instituto Nacional de Câncer (INCA)},
title = {Câncer de mama},
year = {2020},
url = {https://www.inca.gov.br/tipos-de-cancer/cancer-de-mama},
OPTdate = {01 de jul de 2020}
}

@online{Femama,
author = {Federação Brasileira de Instituições Filantrópicas de Apoio à Saúde da Mama (FEMAMA)},
title = {O câncer de mama em números},
year = {2019},
url = {https://www.femama.org.br/site/br/noticia/o-cancer-de-mama-em-numeros},
OPTdate = {01 de jul de 2020}
}

@online{SocBraMastologia,
author = {Sociedade Brasileira de Mastologia},
title = {INCA lança estimativa da incidência de câncer de mama no Brasil},
year = {2020},
url = {https://www.sbmastologia.com.br/noticias/inca-lanca-estimativa-da-incidencia-de-cancer-de-mama-no-brasil/},
OPTdate = {02 de jul de 2020}
}

@article{Silva&Leal&Lima,
author = {R. M. Silva and M. R. R. Leal and F. M. Lima},
title = {Predição do Câncer de Mama com Aplicação de Modelos de Inteligência Computacional},
journal = {Tendências em Matemática Aplicada e Computacional},
year = {2019},
volume = {20},
number = {2},
pages = {229--240}
}

@online{AbelSVM1,
author = {Abel Siqueira},
title = {Implementando métodos de Machine Learning do zero em Julia - SVM parte 1},
year = {2020},
url = {https://www.youtube.com/watch?v=GBTHeEJlqB8&t=3687s},
}

@online{AbelSVM2,
author = {Abel Siqueira},
title = {Implementando métodos de Machine Learning do zero em Julia - MeLOne.jl: SVM - parte 2},
year = {2020},
url = {https://www.youtube.com/watch?v=hr0kvvv1KZY&pbjreload=101},
}